%% ok
@article{A_novelCNNModel,
title = {A novel medical diagnosis model for COVID-19 infection detection based on deep features and Bayesian optimization},
journal = {Applied Soft Computing},
volume = {97},
pages = {106580},
year = {2020},
issn = {1568-4946},
doi = {https://doi.org/10.1016/j.asoc.2020.106580},
url = {https://www.sciencedirect.com/science/article/pii/S1568494620305184},
author = {Majid Nour and Zafer Cömert and Kemal Polat},
keywords = {COVID-19, Medical decision support system, Deep learning, Deep feature extraction, Machine learning}
}

@article{adagrad,
author = {Duchi, John and Hazan, Elad and Singer, Yoram},
title = {Adaptive subgradient methods for online learning and stochastic pptimization},
year = {2011},
issue_date = {2/1/2011},
publisher = {JMLR.org},
volume = {12},
number = {null},
issn = {1532-4435},
journal = {Journal of Machine Learning Research},
month = jul,
pages = {2121–2159},
numpages = {39}
}

@misc {Adam,
author={F. M. Graetz and Why AdamW Matters},
year={2018},
title = {Why AdamW matters},
howpublished={https://towardsdatascience.com/why-adamw-matters-736223f31b5d},
note = {Accessed: 2021-04}
}

@inproceedings{AlexNet,
author = {Krizhevsky, Alex and Sutskever, Ilya and Hinton, Geoffrey E.},
title = {ImageNet classification with deep convolutional neural networks},
year = {2012},
publisher = {Curran Associates Inc.},
address = {Red Hook, NY, USA},
booktitle = {Proceedings of the 25th International Conference on Neural Information Processing Systems - Volume 1}
}

@TECHREPORT{ball_tree,
    author = {Stephen M. Omohundro},
    title = {Five Balltree Construction Algorithms},
    year = {1989}
}

@Article{coronavirus_species,
author={Gorbalenya, Alexander E.
and Baker, Susan C.
and Baric, Ralph S.
and de Groot, Raoul J.
and Drosten, Christian
and Gulyaeva, Anastasia A.
and Haagmans, Bart L.
and Lauber, Chris
and Leontovich, Andrey M.
and Neuman, Benjamin W.
and Penzar, Dmitry
and Perlman, Stanley
and Poon, Leo L. M.
and Samborskiy, Dmitry V.
and Sidorov, Igor A.
and Sola, Isabel
and Ziebuhr, John
and of Viruses, Coronaviridae Study Group of the International Committee on Taxonomy},
title={The species severe acute respiratory syndrome-related coronavirus: Classifying 2019-nCoV and naming it SARS-CoV-2},
journal={Nature Microbiology},
year={2020},
month={Apr},
day={01},
volume={5},
number={4},
pages={536-544},
issn={2058-5276},
doi={10.1038/s41564-020-0695-z},
url={https://doi.org/10.1038/s41564-020-0695-z}
}

@misc{covid19_news,
	month = {04},
	title = {{Coronavirus (COVID-19)}},
	url = {https://news.google.com/covid19/map?hl=tr&gl=TR&ceid=TR\%3Atr&state=1},
	note = {Accessed: 2021-07-10}
}

 @misc{covid_vs_pneumonia,
 url={https://www.medicalnewstoday.com/articles/pneumonia-and-covid-19},
 journal={Medical News Today}, 
 author={Villines, Zawn and Martinez, Kevin}, 
 year={2020}, 
 month={Apr},
 note = {Accessed: 2021-04}
 }

@article{dropout_article,
  author  = {Nitish Srivastava and Geoffrey Hinton and Alex Krizhevsky and Ilya Sutskever and Ruslan Salakhutdinov},
  title   = {Dropout: A simple way to prevent neural networks from overfitting},
  journal = {Journal of Machine Learning Research},
  year    = {2014},
  volume  = {15},
  number  = {56},
  pages   = {1929-1958},
  url     = {http://jmlr.org/papers/v15/srivastava14a.html}
}

@Article{effect_of_demographicInfo,
author={Hu, Dingtao
and Lou, Xiaoqi
and Meng, Nana
and Li, Zhen
and Teng, Ying
and Zou, Yanfeng
and Wang, Fang},
title={Influence of age and gender on the epidemic of COVID-19},
journal={Wiener klinische Wochenschrift},
year={2021},
month={Apr},
day={01},
volume={133},
number={7},
pages={321-330},
abstract={The pandemic of coronavirus disease 2019 (COVID-19) is spreading worldwide with an uncertain ultimate impact on every aspect of human society. Recognizing the groups with higher susceptibility and fatality are in urgent need.},
issn={1613-7671},
doi={10.1007/s00508-021-01816-z},
url={https://doi.org/10.1007/s00508-021-01816-z}
}

@ARTICLE{elasticnet_paper,
    author = {Hui Zou and Trevor Hastie},
    title = {Regularization and variable selection via the Elastic net},
    journal = {Journal of the Royal Statistical Society, Series B},
    year = {2005},
    volume = {67},
    pages = {301--320}
}

@mthesis{ensemble_learning,
author={Muazzez Buket Darıcı},
institution={Graduate School},
title={Göğüs kafesi röntgen görüntülerinde derin öğrenme metoduyla zatürre hastalığının tanısı},
year={2020},
school={Istanbul Technical University},
address={Istanbul, Turkey}
}

@article{gradient_descent_algorithms,
  title={An overview of gradient descent optimization algorithms},
  author={Sebastian Ruder},
  journal={ArXiv},
  year={2016},
  volume={abs/1609.04747}
}

@article {HandMitRingen,
author = {Kevles, Bettyann},
title = {Naked to the bone: Medical imaging in the twentieth century},
year = {1997},
journal = {New Brunswick, N.J. : Rutgers University Press},
address = {New Brunswick, N.J.},
}

@Article{history_coronavirus,
author={Kahn, Jeffrey S.
and McIntosh, Kenneth},
title={History and recent advances in coronavirus discovery},
journal={The Pediatric Infectious Disease Journal},
year={2005},
volume={24},
number={11},
keywords={strain 229E; strain OC43; coronavirus; human respiratory coronavirus; severe acute respiratory syndrome; NL; NL63; New Haven coronavirus},
issn={0891-3668},
url={https://journals.lww.com/pidj/Fulltext/2005/11001/History_and_Recent_Advances_in_Coronavirus.12.aspx}
}

@INPROCEEDINGS{imagenet,
  author={J. {Deng} and W. {Dong} and R. {Socher} and L. {Li} and  {Kai Li} and  {Li Fei-Fei}},
  booktitle={2009 IEEE Conference on Computer Vision and Pattern Recognition}, 
  title={ImageNet: A large-scale hierarchical image database}, 
  year={2009},
  volume={},
  number={},
  pages={248-255},
  doi={10.1109/CVPR.2009.5206848}}

@article{kd_tree,
author = {Bentley, Jon Louis},
title = {Multidimensional binary search trees used for associative searching},
year = {1975},
issue_date = {Sept. 1975},
publisher = {Association for Computing Machinery},
address = {New York, NY, USA},
volume = {18},
number = {9},
issn = {0001-0782},
url = {https://doi.org/10.1145/361002.361007},
doi = {10.1145/361002.361007},
journal = {Communications of ACM},
month = sep,
pages = {509–517},
numpages = {9},
keywords = {key, attribute, nearest neighbor queries, intersection queries, information retrieval system, associative retrieval, binary search trees, partial match queries, binary tree insertion}
}

@article{knn_pdf,
 ISSN = {03067734, 17515823},
 URL = {http://www.jstor.org/stable/1403797},
 author = {Evelyn Fix and J. L. Hodges},
 journal = {International Statistical Review / Revue Internationale de Statistique},
 number = {3},
 pages = {238--247},
 publisher = {[Wiley, International Statistical Institute (ISI)]},
 title = {Discriminatory Analysis. Nonparametric Discrimination: Consistency properties},
 volume = {57},
 year = {1989}
}

@inproceedings{lasso_penalty,
  title={Artificial Intelligence for Drug Development, Precision Medicine, and Healthcare},
  author={M. Chang},
  year={2020},
  page={38k}
}

@article{logsoftmax,
  title={An Exploration of Softmax Alternatives Belonging to the Spherical Loss Family},
  author={A. D. Br{\'e}bisson and Pascal Vincent},
  journal={Computing Research Repository},
  year={2016},
  volume={abs/1511.05042}
}

@Article{literature_Pathak,
author={Pathak, Y.
and Shukla, P. K.
and Tiwari, A.
and Stalin, S.
and Singh, S.},
title={Deep transfer learning based classification model for COVID-19 disease},
journal={Ingenierie et recherche biomedicale : IRBM = Biomedical engineering and research},
year={2020},
month={May},
day={20},
publisher={AGBM. Published by Elsevier Masson SAS.},
pages={10.1016/j.irbm.2020.05.003},
keywords={COVID-19; Chest CT images; Classification; Deep learning; Disease},
note={32837678[pmid]},
note={PMC7238986[pmcid]},
note={S1959-0318(20)30099-3[PII]},
issn={1959-0318},
doi={10.1016/j.irbm.2020.05.003},
url={https://pubmed.ncbi.nlm.nih.gov/32837678},
url={https://doi.org/10.1016/j.irbm.2020.05.003},
language={eng}
}

@article{literature_ARDAKANI,
title = {Application of deep learning technique to manage COVID-19 in routine clinical practice using CT images: Results of 10 convolutional neural networks},
journal = {Computers in Biology and Medicine},
volume = {121},
pages = {103795},
year = {2020},
issn = {0010-4825},
doi = {https://doi.org/10.1016/j.compbiomed.2020.103795},
url = {https://www.sciencedirect.com/science/article/pii/S0010482520301645},
author = {Ali Abbasian Ardakani and Alireza Rajabzadeh Kanafi and U. Rajendra Acharya and Nazanin Khadem and Afshin Mohammadi},
keywords = {Computed tomography, Coronavirus infections, COVID-19, Deep learning, Lung diseases, Pneumonia, Machine learning}
}

@article{literature_OZTURK,
title = {Automated detection of COVID-19 cases using deep neural networks with X-ray images},
journal = {Computers in Biology and Medicine},
volume = {121},
pages = {103792},
year = {2020},
issn = {0010-4825},
doi = {https://doi.org/10.1016/j.compbiomed.2020.103792},
url = {https://www.sciencedirect.com/science/article/pii/S0010482520301621},
author = {Tulin Ozturk and Muhammed Talo and Eylul Azra Yildirim and Ulas Baran Baloglu and Ozal Yildirim and U. {Rajendra Acharya}},
keywords = {Coronavirus (COVID-19), Deep learning, Chest X-ray images, Radiology images}
}

@article{literature_oh,
  author={Oh, Yujin and Park, Sangjoon and Ye, Jong Chul},
  journal={IEEE Transactions on Medical Imaging}, 
  title={Deep Learning COVID-19 Features on CXR Using Limited Training Data Sets}, 
  year={2020},
  volume={39},
  number={8},
  pages={2688-2700},
  doi={10.1109/TMI.2020.2993291}
}

@article{literature_Al-Falluji,
  title={Automatic Detection of COVID-19 Using Chest X-Ray Images and Modified ResNet18-Based Convolution Neural Networks},
  author={R. A. Al-falluji and Zainab Dalaf Katheeth and Bashar Alathari},
  journal={Cmc-computers Materials \& Continua},
  year={2021},
  volume={66},
  pages={1301-1313}
}

@Article{literature_elshennawy,
AUTHOR = {Elshennawy, Nada M. and Ibrahim, Dina M.},
TITLE = {Deep-pneumonia framework using deep learning models based on chest X-ray images},
JOURNAL = {Diagnostics},
VOLUME = {10},
YEAR = {2020},
NUMBER = {9},
ARTICLE-NUMBER = {649},
URL = {https://www.mdpi.com/2075-4418/10/9/649},
PubMedID = {32872384},
ISSN = {2075-4418},
DOI = {10.3390/diagnostics10090649}
}

@article{lr_lbfgsb,
author = {Zhu, Ciyou and Byrd, Richard H. and Lu, Peihuang and Nocedal, Jorge},
title = {Algorithm 778: L-BFGS-B: Fortran subroutines for large-scale bound-constrained optimization},
year = {1997},
issue_date = {Dec. 1997},
publisher = {Association for Computing Machinery},
address = {New York, NY, USA},
volume = {23},
number = {4},
issn = {0098-3500},
url = {https://doi.org/10.1145/279232.279236},
journal = {ACM Trans. Math. Softw.},
month = dec,
pages = {550–560},
numpages = {11},
keywords = {limited-memory method, large-scale optimization, nonlinear optimization, variable metric method}
}

@article{lr_liblinear,
author = {Fan, Rong-En and Chang, Kai-Wei and Hsieh, Cho-Jui and Wang, Xiang-Rui and Lin, Chih-Jen},
title = {LIBLINEAR: A library for large linear classification},
year = {2008},
issue_date = {6/1/2008},
publisher = {JMLR.org},
volume = {9},
issn = {1532-4435},
journal = {Journal of Machine Learning Research},
month = jun,
pages = {1871–1874},
numpages = {4}
}

@article{lr_newton_cg,
author={Yu, Hsiang-Fu and Huang, Fang-Lan and Lin, Chih-Jen},
title={Dual coordinate descent methods for logistic regression and maximum entropy models},
journal={Machine Learning},
year={2011},
month={Oct},
day={01},
volume={85},
number={1},
pages={41-75},
issn={1573-0565},
doi={10.1007/s10994-010-5221-8},
url={https://doi.org/10.1007/s10994-010-5221-8}
}

@inproceedings{lr_saga,
  title={SAGA: A Fast Incremental Gradient Method With Support for Non-Strongly Convex Composite Objectives},
  author={Aaron Defazio and F. Bach and S. Lacoste-Julien},
  booktitle={NIPS},
  year={2014}
}

@article{lr_sag,
  title={Minimizing finite sums with the stochastic average gradient},
  author={Mark W. Schmidt and Nicolas Le Roux and F. Bach},
  journal={Mathematical Programming},
  year={2017},
  volume={162},
  pages={83-112}
}

@article{negative-ll,
  title={Negative Log Likelihood Ratio Loss for Deep Neural Network Classification},
  author={Donglai Zhu and Hengshuai Yao and Bei Jiang and YU Peng},
  journal={ArXiv},
  year={2018},
  volume={abs/1804.10690}
}

@article{padam,
  author    = {Jinghui Chen and
               Quanquan Gu},
  title     = {Closing the generalization gap of adaptive gradient methods in training
               Deep Neural Networks},
  journal   = {Computing Research Repository},
  volume    = {abs/1806.06763},
  year      = {2018},
  url       = {http://arxiv.org/abs/1806.06763},
  archivePrefix = {arXiv},
  eprint    = {1806.06763},
  timestamp = {Mon, 13 Aug 2018 16:48:34 +0200},
  biburl    = {https://dblp.org/rec/journals/corr/abs-1806-06763.bib},
  bibsource = {dblp computer science bibliography, https://dblp.org}
}

@inbook{parallel_linear_algebra,
author = {Nielsen, Frank},
publisher = {Springer International Publishing},
year = {2016},
month = {02},
pages = {140},
title = {Parallel linear algebra},
isbn = {978-3-319-21902-8},
doi = {10.1007/978-3-319-21903-5_5}
}

@misc{pcr_cleveland_clinic, 
title={PCR test for COVID-19: What it is, How its done, What the results mean}, 
url={https://my.clevelandclinic.org/health/diagnostics/21462-covid-19-and-pcr-testing}, 
journal={Cleveland Clinic}, 
publisher={Cleveland Clinic}, 
year={2020}, 
month={Nov}
}

@article{regularized_lda,
    author = {Guo, Yaqian and Hastie, Trevor and Tibshirani, Robert},
    title = "{Regularized linear discriminant analysis and its application in microarrays}",
    journal = {Biostatistics},
    volume = {8},
    number = {1},
    pages = {86-100},
    year = {2006},
    month = {04},
    issn = {1465-4644},
    doi = {10.1093/biostatistics/kxj035},
    url = {https://doi.org/10.1093/biostatistics/kxj035},
    eprint = {https://academic.oup.com/biostatistics/article-pdf/8/1/86/698312/kxj035.pdf},
}

@article{ResNet,
  author={He, Kaiming and Zhang, Xiangyu and Ren, Shaoqing and Sun, Jian},
  booktitle={2016 IEEE Conference on Computer Vision and Pattern Recognition (CVPR)}, 
  title={Deep Residual Learning for Image Recognition}, 
  year={2016},
  journal={arXiv preprint arXiv:1512.03385},
  volume={},
  number={},
  doi={10.1109/CVPR.2016.90}
}

@article{scikit-learn,
 title={Scikit-learn: Machine learning in {P}ython},
 author={Pedregosa, F. and Varoquaux, G. and Gramfort, A. and Michel, V.
         and Thirion, B. and Grisel, O. and Blondel, M. and Prettenhofer, P.
         and Weiss, R. and Dubourg, V. and Vanderplas, J. and Passos, A. and
         Cournapeau, D. and Brucher, M. and Perrot, M. and Duchesnay, E.},
 journal={Journal of Machine Learning Research},
 volume={12},
 pages={2825--2830},
 year={2011}
}

@misc{scikit-learn_lda-solvers,
	author = {scikit-learn developers},
	title = {{Linear and quadratic discriminant analysis}},
	url = {https://scikit-learn.org/stable/modules/lda_qda.html#estimation-algorithms},
    note = {Accessed: 2021-04}
}

@article{SGD_Momentum, 
title={On the importance of initialization and momentum in deep learning}, 
journal={ICML}, 
author={Sutskever, Ilya and Martens, James and Dahl, George and Hinton, Geoffrey E.}, 
volume={28},
year={2013}, 
month={June},
pages={1139-–1147},
address={ Atlanta, Georgia, USA},
}

@article{success_of_dl,
  title={Deep Learning in Object Recognition, Detection, and Segmentation},
  author={Xiaogang Wang},
  journal={Found. Trends Signal Process.},
  year={2016},
  month={01},
  volume={8},
  pages={217-382}
}

@article{support_vector_clustering,
author = {Ben-Hur, Asa and Horn, David and Siegelmann, Hava and Vapnik, Vladimir},
year = {2001},
month = {11},
pages = {125-137},
title = {Support vector clustering},
volume = {2},
journal = {Journal of Machine Learning Research},
doi = {10.1162/15324430260185565}
}

@book{svm_book,
author = {Christmann, Andreas and Steinwart, Ingo},
year = {2008},
month = {01},
pages = {13-19},
title = {Support Vector Machines},
isbn = {978-0-387-77241-7},
publisher = {Support Vector Machines: Information Science and Statistics. ISBN 978-0-387-77241-7. Springer Science+Business Media, LLC, 2008},
doi = {10.1007/978-0-387-77242-4}
}

@inproceedings{svm_kernel,
author = {Boser, Bernhard E. and Guyon, Isabelle M. and Vapnik, Vladimir N.},
title = {A Training Algorithm for Optimal Margin Classifiers},
year = {1992},
isbn = {089791497X},
publisher = {Association for Computing Machinery},
address = {New York, NY, USA},
url = {https://doi.org/10.1145/130385.130401},
doi = {10.1145/130385.130401},
booktitle = {Proceedings of the Fifth Annual Workshop on Computational Learning Theory},
pages = {144–152},
numpages = {9},
location = {Pittsburgh, Pennsylvania, USA},
series = {COLT '92}
}

@article{svm_original,
author = {Cortes, Corinna and Vapnik, Vladimir},
title = {Support-vector networks},
year = {1995},
issue_date = {Sept. 1995},
publisher = {Kluwer Academic Publishers},
address = {USA},
volume = {20},
number = {3},
issn = {0885-6125},
url = {https://doi.org/10.1023/A:1022627411411},
doi = {10.1023/A:1022627411411},
journal = {Machine Learning},
month = sep,
pages = {273–297},
numpages = {25},
keywords = {efficient learning algorithms, radial basis function classifiers, neural networks, pattern recognition, polynomial classifiers}
}

@article{svm_penalty,
  title={Comparison of L1 and L2 support vector machines},
  author={Y. Koshiba and S. Abe},
  journal={Proceedings of the International Joint Conference on Neural Networks, 2003.},
  year={2003},
  volume={3},
  pages={2054-2059 vol.3}
}

@article{TULIP_package,
  author = {Yuqing Pan and Qing Mai and Xin Zhang},
  title = {{TULIP: A toolbox for linear discriminant analysis with
          penalties}},
  year = {2021},
  journal = {{The R Journal}},
  doi = {10.32614/RJ-2021-025},
  url = {https://doi.org/10.32614/RJ-2021-025},
  pages = {61--81},
  volume = {12},
  number = {2}
}

@misc{VGG,
      title={Very deep convolutional networks for large-scale image recognition}, 
      author={Karen Simonyan and Andrew Zisserman},
      year={2015},
      eprint={1409.1556},
      archivePrefix={arXiv},
      primaryClass={cs.CV}
}

@article{weight_decay_regularization,
author={Loshchilov, Ilya and Hutter, Frank},
title={Fixing weight decay regularization in Adam},
address={https://openreview.net/pdf?id=rk6qdGgCZ},
month={November},
year={2017},
journal={Computing Research Repository},
abs={1711.05101}
}

 @misc{who_qa, 
 title={Coronavirus disease (COVID-19)}, 
 url={https://www.who.int/emergencies/diseases/novel-coronavirus-2019/question-and-answers-hub/q-a-detail/coronavirus-disease-covid-19}, 
 journal={World Health Organization}, 
 publisher={World Health Organization}, 
 note = {Accessed: 2021-04},
 month={Oct}
 } 

 @misc{who_pandemic_declaration, 
 title={WHO Director-General's opening remarks at the media briefing on COVID-19 - 11 March 2020}, 
 url={https://www.who.int/director-general/speeches/detail/who-director-general-s-opening-remarks-at-the-media-briefing-on-covid-19---11-march-2020}, 
 journal={World Health Organization}, 
 publisher={World Health Organization}, 
 note = {Accessed: 2021-04}, 
 month={Mar}
 } 

@article{yolo_darknet,
  title={YOLO9000: Better, Faster, Stronger},
  author={Joseph Redmon and Ali Farhadi},
  journal={2017 IEEE Conference on Computer Vision and Pattern Recognition (CVPR)},
  year={2017},
  pages={6517-6525}
}